% ---------------------------------------------------------------------------------------
% String Definitions (Short) ------------------------------------------------------------
% ---------------------------------------------------------------------------------------

@string{AISTATS = {AISTATS}}
@string{BMVC    = {BMVC}}
@string{CAI     = {CAI}}
@string{CVPR    = {CVPR}}
@string{ECCV    = {ECCV}}
@string{ECCLT   = {ECCLT}}
@string{EMMCVPR = {EMMCVPR}}
@string{EMNLP   = {EMNLP}}
@string{FOCS    = {FOCS}}
@string{ICCV    = {ICCV}}
@string{ICML    = {ICML}}
@string{ICRA    = {ICRA}}
@string{IEEEIT  = {IEEE Trans.~on Info.~Theory}}
@string{IJCAI   = {IJCAI}}
@string{IJCV    = {IJCV}}
@string{ISRR    = {ISRR}}
@string{JAIR    = {JAIR}}
@string{JMLR    = {JMLR}}
@string{MCCAP   = {TOMCCAP}}
@string{NIPS    = {NIPS}}
@string{PAMI    = {PAMI}}
@string{RSS     = {RSS}}
@string{SIGGRAPH = {SIGGRAPH}}
@string{UAI     = {UAI}}
