@article{felzenszwalb2010object,
  title={Object detection with discriminatively trained part-based models},
  author={Felzenszwalb, Pedro F and Girshick, Ross B and McAllester, David and Ramanan, Deva},
  journal={Pattern Analysis and Machine Intelligence, IEEE Transactions on},
  volume={32},
  number={9},
  pages={1627--1645},
  year={2010},
  publisher={IEEE}
}
@inproceedings{yu2009learning,
	title={Learning structural SVMs with latent variables},
	author={Yu, Chun-Nam John and Joachims, Thorsten},
	booktitle={Proceedings of the 26th Annual International Conference on Machine Learning},
	pages={1169--1176},
	year={2009},
	organization={ACM}
}